<?xml version="1.0" encoding="UTF-8"?><record xmlns="http://www.loc.gov/MARC21/slim" xmlns:cinclude="http://apache.org/cocoon/include/1.0" xmlns:zs="http://www.loc.gov/zing/srw/">
  <leader>00391nz  a2200133n  4500</leader>
  <controlfield tag="001">n  85134006 </controlfield>
  <controlfield tag="003">DLC</controlfield>
  <controlfield tag="005">19851212152919.3</controlfield>
  <controlfield tag="008">851205n| acannaab|          |a aaa ||| c</controlfield>
  <datafield tag="010" ind1=" " ind2=" ">
    <subfield code="a">n  85134006 </subfield>
  </datafield>
  <datafield tag="040" ind1=" " ind2=" ">
    <subfield code="a">MH</subfield>
    <subfield code="c">DLC</subfield>
    <subfield code="d">DLC</subfield>
  </datafield>
  <datafield tag="100" ind1="1" ind2="0">
    <subfield code="a">King, Lawrence J.</subfield>
  </datafield>
  <datafield tag="400" ind1="1" ind2="0">
    <subfield code="a">King, L. J.</subfield>
    <subfield code="q">(Lawrence J.)</subfield>
  </datafield>
  <datafield tag="670" ind1=" " ind2=" ">
    <subfield code="a">Plant lore, Jan. 1977:</subfield>
    <subfield code="b">t.p. verso (L.J. King); winter issue 1985: p. 2 (Lawrence J. King)</subfield>
  </datafield>
</record>